@article{Menni:2014,
year={2014},
issn={0022-3611},
journal={Journal of Philosophical Logic},
volume={43},
number={2-3},
doi={10.1007/s10992-012-9266-y},
title={Modes of Adjointness},
url={http://dx.doi.org/10.1007/s10992-012-9266-y},
publisher={Springer Netherlands},
keywords={Modal logic; Adjoint functors},
author={Menni, M. and Smith, C.},
pages={365-391},
language={English}
}

@article{ewald1986,
author = {Ewald,W. B.},
title = {Intuitionistic tense and modal logic},
journal = {The Journal of Symbolic Logic},
volume = {51},
issue = {01},
month = {3},
year = {1986},
issn = {1943-5886},
pages = {166--179},
numpages = {14},
doi = {10.2307/2273953},
URL = {http://journals.cambridge.org/article_S0022481200031650},
}
@article{CS4,
year={2000},
issn={0039-3215},
journal={Studia Logica},
volume={65},
number={3},
doi={10.1023/A:1005291931660},
title={On an Intuitionistic Modal Logic},
url={http://dx.doi.org/10.1023/A%3A1005291931660},
publisher={Kluwer Academic Publishers},
keywords={intuitionistic logic; modal logic; proof theory; categorical models},
author={Bierman, G.M. and de Paiva, V.C.V.},
pages={383-416},
language={English}
}

@article{Stewart12062015,
author = {Stewart, Charles and de Paiva, Valeria and Alechina, Natasha}, 
title = {Intuitionistic Modal Logic: A 15-year retrospective},
year = {2015}, 
doi = {10.1093/logcom/exv042}, 
URL = {http://logcom.oxfordjournals.org/content/early/2015/06/12/logcom.exv042.short}, 
eprint = {http://logcom.oxfordjournals.org/content/early/2015/06/12/logcom.exv042.full.pdf+html}, 
journal = {Journal of Logic and Computation} 
}
@article{simpson1994,
  title={The proof theory and semantics of intuitionistic modal logic},
  author={Simpson, Alex K},
  year={1994},
  publisher={University of Edinburgh. College of Science and Engineering. School of Informatics.}
}