@article{Menni:2014,
year={2014},
issn={0022-3611},
journal={Journal of Philosophical Logic},
volume={43},
number={2-3},
doi={10.1007/s10992-012-9266-y},
title={Modes of Adjointness},
url={http://dx.doi.org/10.1007/s10992-012-9266-y},
publisher={Springer Netherlands},
keywords={Modal logic; Adjoint functors},
author={Menni, M. and Smith, C.},
pages={365-391},
language={English}
}

@article{ewald1986,
author = {Ewald,W. B.},
title = {Intuitionistic tense and modal logic},
journal = {The Journal of Symbolic Logic},
volume = {51},
issue = {01},
month = {3},
year = {1986},
issn = {1943-5886},
pages = {166--179},
numpages = {14},
doi = {10.2307/2273953},
URL = {http://journals.cambridge.org/article_S0022481200031650},
}

@article{bierman2000,
year={2000},
issn={0039-3215},
journal={Studia Logica},
volume={65},
number={3},
doi={10.1023/A:1005291931660},
title={On an Intuitionistic Modal Logic},
url={http://dx.doi.org/10.1023/A%3A1005291931660},
publisher={Kluwer Academic Publishers},
keywords={intuitionistic logic; modal logic; proof theory; categorical models},
author={Bierman, G.M. and de Paiva, V.C.V.},
pages={383-416},
language={English}
}

@article{Stewart12062015,
author = {Stewart, Charles and de Paiva, Valeria and Alechina, Natasha}, 
title = {Intuitionistic Modal Logic: A 15-year retrospective},
year = {2015}, 
doi = {10.1093/logcom/exv042}, 
URL = {http://logcom.oxfordjournals.org/content/early/2015/06/12/logcom.exv042.short}, 
eprint = {http://logcom.oxfordjournals.org/content/early/2015/06/12/logcom.exv042.full.pdf+html}, 
journal = {Journal of Logic and Computation} 
}
@book{simpson1994,
  title={The proof theory and semantics of intuitionistic modal logic},
  author={Simpson, Alex K},
  year={1994},
  publisher={University of Edinburgh. College of Science and Engineering, School of Informatics}
}
@article{benton1998computational,
  title={Computational types from a logical perspective},
  author={Benton, P Nick and Bierman, Gavin M. and de Paiva, Valeria CV},
  journal={Journal of Functional Programming},
  volume={8},
  number={02},
  pages={177--193},
  year={1998},
  publisher={Cambridge Univ Press}
}
@inproceedings{alechinaetal,
  title={Categorical and Kripke semantics for constructive S4 modal logic},
  author={Alechina, Natasha and Mendler, Michael and De Paiva, Valeria and Ritter, Eike},
  booktitle={Computer Science Logic},
  pages={292--307},
  year={2001},
  organization={Springer}
}
@book{prawitz1965,
  title={Natural Deduction, volume 3 of Stockholm Studies in Philosophy},
  author={Prawitz, Dag},
  year={1965},
  publisher={Almqvist and Wiksell}
}
@inproceedings{icalp1998,
  title={Explicit Substitutions for Constructive Necessity},
  author={Ghani, Neil and de Paiva, Valeria and Ritter, Eike},
  booktitle={ICALP International Conference on Automata, Languages and Programming},
  year={1998}
}
@article{ohnishi1957,
author = "Ohnishi, Masao and Matsumoto, Kazuo",
fjournal = "Osaka Mathematical Journal",
journal = "Osaka Math. J.",
number = "2",
pages = "113--130",
publisher = "Osaka University and Osaka City University, Departments of Mathematics",
title = "Gentzen method in modal calculi",
url = "http://projecteuclid.org/euclid.ojm/1200689157",
volume = "9",
year = "1957"
}
@article{arisaka2015,
  title={On Nested Sequents for Constructive Modal Logics},
  author={Arisaka, Ryuta and Das, Anupam and Stra{\ss}burger, Lutz},
  journal={arXiv preprint arXiv:1505.06896},
  year={2015}
}
@inproceedings{strasburger2013,
  title={Cut Elimination in Nested Sequents for
Intuitionistic Modal Logics},
  author={Stra{\ss}burger, Lutz},
  booktitle={FOSSACS},
  year={2013}
}
@inproceedings{benton1995,
  title={A mixed linear and non-linear logic: Proofs, terms and models},
  author={Benton, P Nick},
  booktitle={Computer Science Logic},
  pages={121--135},
  year={1995},
  organization={Springer}
}
@ARTICLE{dziketal2012,
   author = {{Dzik}, W. and {J{\"a}rvinen}, J. and {Kondo}, M.},
    title = "{Intuitionistic logic with two Galois connections combined with Fischer Servi axioms}",
  journal = {ArXiv e-prints},
archivePrefix = "arXiv",
   eprint = {1208.2971},
 primaryClass = "math.LO",
 keywords = {Mathematics - Logic},
     year = 2012,
    month = aug,
}
@article{dziketal2014,
  title={Characterizing intermediate tense logics in terms of Galois connections},
  author={Dzik, Wojciech and J{\"a}rvinen, Jouni and Kondo, Michiro},
  journal={Logic Journal of IGPL},
  volume={22},
  number={6},
  pages={992--1018},
  year={2014},
  publisher={Oxford Univ Press}
}

@incollection{ghilardi1988,
  title={Modal and tense predicate logic: Models in presheaves and categorical conceptualization},
  author={Ghilardi, Silvio and Meloni, GC},
  booktitle={Categorical algebra and its applications},
  pages={130--142},
  year={1988},
  publisher={Springer}
}

@article{makkai1995,
  title={Completeness results for intuitionistic and modal logic in a categorical setting},
  author={ Makkai, M. and G.E. Reyes},
  journal={Annals of Pure and Applied Logic},
  volume={72},
  pages={25-101},
  year={1995},
  publisher={Elsevier}
}
@book{barber1997,
  title={Linear Type Theories, Semantics and Action Calculi},
  author={Barber, Andrew},
  year={1997},
  publisher={LFCS, University of Edinburgh},
  url = {\url{https://www.era.lib.ed.ac.uk/bitstream/handle/1842/392/ECS-LFCS-97-371.pdf}}
}
@book{prior1957,
  title={Time and Modality},
  author={Prior, A. N.},
  year={1957},
  publisher={Oxford University Press},
  note = {Based on his 1956 John Locke lectures}
}

@INPROCEEDINGS{Goubault-Larrecq,
    author = {Jean Goubault-Larrecq and Eric Goubault},
    title = {{O}rder-{T}heoretic, {G}eometric and {C}ombinatorial {M}odels of {I}ntuitionistic {S4} {P}roofs},
    booktitle = {In Intuitionistic Modal Logic and Applications (IMLAâ€™99)},
    year = {1999},
    publisher = {}
}

@article{kremer2005,
  title={Dynamic topological logic},
  author={ Kremer, Ph. and G. Mints},
  journal={Annals of Pure and Applied Logic},
  volume={131(1-3)},
  pages={133-158},
  year={2005},
  publisher={Elsevier}
}


@article{Joachimski:2003,
	Author = {Joachimski, Felix and Matthes, Ralph},
	Journal = {Archive for Mathematical Logic},
	Number = {1},
	Pages = {59--87},
	Title = {Short proofs of normalization for the simply- typed $\lambda$-calculus, permutative conversions and G{\"o}del's T},
	Volume = {42},
	Year = {2003}}
	}
	
	@Article{Figallo2014,
author="Figallo, Aldo V.
and Pelaitay, Gustavo",
title="An algebraic axiomatization of the Ewald's intuitionistic tense logic",
journal="Soft Computing",
year="2014",
volume="18",
number="10",
pages="1873--1883",
abstract="Ewald (J Symbolic Logic 51(1):166--179, 1986) considered tense operators                   {\$}{\$}G{\$}{\$}                                                            G                                                      ,                   {\$}{\$}H{\$}{\$}                                                            H                                                      ,                   {\$}{\$}F{\$}{\$}                                                            F                                                       and                   {\$}{\$}P{\$}{\$}                                                            P                                                       on intuitionistic propositional calculus and constructed an intuitionistic tense logic system called IKt. The aim of this paper is to give an algebraic axiomatization of the IKt system. We will also show that the algebraic axiomatization given by Chajda (Cent Eur J Math 9(5):1185--1191, 2011) of the tense operators                   {\$}{\$}P{\$}{\$}                                                            P                                                       and                   {\$}{\$}F{\$}{\$}                                                            F                                                       in intuitionistic logic is not in accordance with the Halmos definition of existential quantifiers. In this paper, we will study the IKt variety of IKt-algebras. First, we will introduce some examples and we will prove some properties. Next, we will prove that the IKt system has IKt-algebras as algebraic counterpart. We will also describe a discrete duality for IKt-algebras bearing in mind the results indicated by Or{\l}owska and Rewitzky (Fundam Inform 81(1--3):275--295, 2007) for Heyting algebras. We will also get a general construction of tense operators on a complete Heyting algebra, which is a power lattice via the so-called Heyting frame. Finally, we will introduce the notion of tense deductive system which allowed us both to determine the congruence lattice in an IKt-algebra and to characterize simple and subdirectly irreducible algebras of the IKt variety.",
issn="1433-7479",
doi="10.1007/s00500-014-1317-6",
url="http://dx.doi.org/10.1007/s00500-014-1317-6"
}

@inproceedings{jeffrey2012,
  title={LTL types FRP: Linear-time Temporal Logic Propositions as Types, Proofs as Functional Reactive Programs},
  author={Jeffrey, Alan},
  booktitle={ACM Workshop Programming Languages meets Program Verification},
  year={2012},
  organization={ACM}
}
@article{jeltsch2012,
title = "{T}owards a {C}ommon {C}ategorical {S}emantics for {L}inear-{T}ime {T}emporal {L}ogic and {F}unctional {R}eactive {P}rogramming",
journal = "Electronic Notes in Theoretical Computer Science, Proceedings of the 28th Conference on the Mathematical Foundations of Programming Semantics (MFPS XXVIII)",
volume = "286",
number = "",
pages = "229 - 242",
year = "2012",
note = "",
issn = "1571-0661",
doi = "http://dx.doi.org/10.1016/j.entcs.2012.08.015",
url = "http://www.sciencedirect.com/science/article/pii/S157106611200045X",
author = "Wolfgang Jeltsch",
keywords = "temporal logic",
keywords = "modal logic",
keywords = "functional reactive programming",
keywords = "categorical semantics",
abstract = "Linear-time temporal logic (LTL) and functional reactive programming (FRP) are related via a Curryâ€šÃ„Ã¬Howard correspondence. Based on this observation, we develop a common categorical semantics for a subset of LTL and its corresponding flavor of FRP. We devise a class of categorical models, called fan categories, that explicitly reflect the notion of time-dependent trueness of temporal propositions and a corresponding notion of time-dependent type inhabitance in FRP. Afterwards, we define the more abstract concept of temporal category by extending categorical models of intuitionistic S4. We show that fan categories are a special form of temporal categories."
}